<?xml version="1.0" encoding="UTF-8"?><collection xmlns="http://www.loc.gov/MARC21/slim"><record><leader>00577nam--2200193-i-4500</leader><controlfield tag="001">000043542</controlfield><controlfield tag="002">20161230</controlfield><controlfield tag="005">20161230201044</controlfield><controlfield tag="008">060222s1000------------r-----000-0-eng-d</controlfield><datafield ind1=" " ind2=" " tag="040"><subfield code="a">IFIN-HH</subfield></datafield><datafield ind1=" " ind2=" " tag="080"><subfield code="a">539.171.02(035.5)(083.5)</subfield></datafield><datafield ind1="1" ind2=" " tag="100"><subfield code="a">Tagesen, S</subfield></datafield><datafield ind1="1" ind2="0" tag="245"><subfield code="a">Zaed evaluation of the cross-sections for the reactions</subfield><subfield code="c">S. tagesen, h. vonach, b. strohmaier</subfield></datafield><datafield ind1=" " ind2=" " tag="260"><subfield code="a">Kalsruhe</subfield><subfield code="b">Drukhaus Karlsruhe Gmbh</subfield><subfield code="c">1979</subfield></datafield><datafield ind1=" " ind2=" " tag="300"><subfield code="a">144P</subfield></datafield><datafield ind1=" " ind2=" " tag="490"><subfield code="a">Physik Daten Physics Data 13-1 1979</subfield></datafield><datafield ind1="1" ind2=" " tag="700"><subfield code="a">Strohmaier,B</subfield></datafield><datafield ind1=" " ind2=" " tag="852"><subfield code="a">47445</subfield><subfield code="c">53.081</subfield></datafield><datafield ind1=" " ind2=" " tag="CAT"><subfield code="a">Sys</subfield><subfield code="c">20160401</subfield><subfield code="h">124413</subfield></datafield></record></collection>